Automatically generated by Mendeley Desktop 1.19.4
Any changes to this file will be lost if it is regenerated by Mendeley.

BibTeX export options can be customized via Options -> BibTeX in Mendeley Desktop

@article{Eyben2015,
abstract = {We start introducing openSMILE by addressing two important questions for users who are new to openSMILE: What is openSMILE? and Who needs openSMILE?. If you want to start using openSMILE right away, then you should start reading section 2, or section 2.3 if you have already managed to install openSMILE.},
author = {Eyben, Florian and W{\"{o}}llmer, Martin and Schuller, Bjorn Bj{\"{o}}rn and Weninger, Felix and Wollmer, Martin and Schuller, Bjorn Bj{\"{o}}rn},
doi = {10.1145/1873951.1874246},
file = {:home/mhemmer/.local/share/data/Mendeley Ltd./Mendeley Desktop/Downloaded/Eyben et al. - 2015 - OPENSMILE open-Source Media Interpretation by Large feature-space Extraction.pdf:pdf},
journal = {MM'10 - Proceedings of the ACM Multimedia 2010 International Conference},
number = {December},
pages = {1--65},
title = {{OPENSMILE: open-Source Media Interpretation by Large feature-space Extraction}},
url = {http://www.mendeley.com/research/opensmile-munich-versatile-fast-opensource-audio-feature-extractor},
year = {2015}
}
